<?xml version="1.0" encoding="UTF-8"?><record xmlns="http://www.loc.gov/MARC21/slim" xmlns:cinclude="http://apache.org/cocoon/include/1.0" xmlns:zs="http://www.loc.gov/zing/srw/">
  <leader>00430nz  a2200145n  4500</leader>
  <controlfield tag="001">no2004105387</controlfield>
  <controlfield tag="003">DLC</controlfield>
  <controlfield tag="005">20041030071052.0</controlfield>
  <controlfield tag="008">041029n| acannaabn          |a ana      </controlfield>
  <datafield tag="010" ind1=" " ind2=" ">
    <subfield code="a">no2004105387</subfield>
  </datafield>
  <datafield tag="035" ind1=" " ind2=" ">
    <subfield code="a">(OCoLC)oca06481284</subfield>
  </datafield>
  <datafield tag="040" ind1=" " ind2=" ">
    <subfield code="a">DLC-S</subfield>
    <subfield code="b">eng</subfield>
    <subfield code="c">DLC-S</subfield>
  </datafield>
  <datafield tag="110" ind1="2" ind2=" ">
    <subfield code="a">Falls of the Ohio Archaeological Society</subfield>
  </datafield>
  <datafield tag="410" ind1="2" ind2=" ">
    <subfield code="a">FOAS</subfield>
  </datafield>
  <datafield tag="670" ind1=" " ind2=" ">
    <subfield code="a">Currents of change, spring 2003:</subfield>
    <subfield code="b">p. 2 (Falls of the Ohio Archaeological Society ; FOAS)</subfield>
  </datafield>
</record>